@TECHREPORT {upv2015,
    author      = "CPA",
    title       = "Prime Numbers",
    institution = "Universitat Politècnica de València",
    year        = "2015",
    type        = "Lab exercises"
}